<?xml version="1.0" encoding="UTF-8"?><collection xmlns="http://www.loc.gov/MARC21/slim"><record><leader>00381nam--2200133-i-4500</leader><controlfield tag="001">000044446</controlfield><controlfield tag="002">20161230</controlfield><controlfield tag="005">20161230201044</controlfield><controlfield tag="008">060222s1000------------r-----000-0-eng-d</controlfield><datafield ind1=" " ind2=" " tag="080"><subfield code="a">621.039(021)</subfield></datafield><datafield ind1=" " ind2=" " tag="100"><subfield code="a">Ternaben, Walter</subfield></datafield><datafield ind1=" " ind2=" " tag="245"><subfield code="a">Handbuch der atomwirtschaft. nutzung der atomenergie fur friedliche zwecke</subfield></datafield><datafield ind1=" " ind2=" " tag="260"><subfield code="a">Hagen, Linnepe Verlagsgesellschaft, 1967</subfield></datafield><datafield ind1=" " ind2=" " tag="852"><subfield code="a">13765</subfield></datafield></record></collection>